@MISC{intel_applicationsuser,
	title = {{Intel(R)} Energy Checker {SDK--Companion} Applications User Guide.pdf}
},
@MISC{intel_ec_sdk_website,
	author={Intel Corporation},
	title={Intel Energy Checker SDK},
	url={http://software.intel.com/en-us/articles/intel-energy-checker-sdk/},
	howpublished={http://software.intel.com/en-us/articles/intel-energy-checker-sdk/}
},

@MISC{intel_deviceKit,
	title = {{Intel(R)} Energy Checker {SDK--Device} Kit User Guide.pdf}
},

@MISC{intel_userGuide,
	title = {Intel(R) Energy Checker SDK--User Guide.pdf}
},

@MISC{63_best_practices,
	author= {Bali Web Design Studio},
	title = {63+ Best practice optimize {PHP} code performance},
	url = {http://www.chazzuka.com/63-best-practice-to-optimize-php-code-performances-58/},
	howpublished = {http://www.chazzuka.com/63-best-practice-to-optimize-php-code-performances-58/}
},

@MISC{mysql_settings,
	title = {How to change the {MySQL} data default directory {\textbar} Ubuntu Geek},
	url = {http://www.ubuntugeek.com/how-to-change-the-mysql-data-default-directory.html},
	howpublished = {http://www.ubuntugeek.com/how-to-change-the-mysql-data-default-directory.html}
},

@MISC{mysql_ssd,
	title = {{DW} Alliance {LLC:} Articles},
	url = {http://store.dwalliance.com/news/view_article.html?article_id=54bbe460d9ab7873bf34c9a4da0c65b2},
	howpublished = {http://store.dwalliance.com/news/view\_article.html?article\_id=54bbe460d9ab7873bf34c9a4da0c65b2}
},

@MISC{valgrind_website,
	title = {Valgrind Home},
	url = {http://valgrind.org/},
	howpublished = {http://valgrind.org/}
},

@MISC{xdebug_website,
	title = {Xdebug - Debugger and Profiler Tool for {PHP}},
	url = {http://xdebug.org/docs/profiler},
	howpublished = {http://xdebug.org/docs/profiler}
},

@MISC{programming_optimization_tech,
	title = {Programming Optimization: Techniques, examples and discussion},
	url = {http://www.azillionmonkeys.com/qed/optimize.html},
	howpublished = {http://www.azillionmonkeys.com/qed/optimize.html}
},



@MISC{optimizing_memcached,
	title = {Optimizing Memcached {\textbar} Documentation {\textbar} Review Board},
	url = {http://www.reviewboard.org/docs/manual/dev/admin/optimization/memcached/},
	howpublished = {http://www.reviewboard.org/docs/manual/dev/admin/optimization/memcached/}
},

@MISC{optimizing_LAMP_helioviewer,
	title = {Optimizing {LAMP} {(Linux}, Apache, {MySQL}, and {PHP)} for Helioviewer - Helioviewer Wiki},
	url = {http://wiki.helioviewer.org/wiki/Optimizing_LAMP_%28Linux,_Apache,_MySQL,_and_PHP%29_for_Helioviewer},
	howpublished = {{http://wiki.helioviewer.org/wiki/Optimizing\_LAMP\_\%28Linux,\_Apache,\_MySQL,\_and\_PHP\%29\_for\_Helioviewer}}
},

@MISC{php_session,
	title = {{PHP:} session\_save\_path - Manual},
	url = {http://php.net/manual/en/function.session-save-path.php},
	howpublished = {http://php.net/manual/en/function.session-save-path.php}
},

@MISC{diagnose_php_with_xdebug,
	title = {Diagnosing slow {PHP} execution with Xdebug and {KCachegrind} {\textbar} Nexcess},
	url = {http://blog.nexcess.net/2011/01/29/diagnosing-slow-php-execution-with-xdebug-and-kcachegrind/},
	howpublished = {http://blog.nexcess.net/2011/01/29/diagnosing-slow-php-execution-with-xdebug-and-kcachegrind/}
},

@MISC{400g_network_processor,
	title = {{FP3:} The {400G} network processor {\textbar} {Alcatel-Lucent}},
	url = {http://www.alcatel-lucent.com/fp3/},
	howpublished = {http://www.alcatel-lucent.com/fp3/}
},

@MISC{graceHopper_history,
	title = {Ch2-5},
	url = {http://www.hq.nasa.gov/office/pao/History/computers/Ch2-5.html},
	howpublished = {{http://www.hq.nasa.gov/office/pao/History/computers/Ch2-5.html}}
},

@MISC{graceHopper_story,
	author = {Grace Murray Hopper},
	title={Grace Murray Hopper history},	
	url = {http://cs-www.cs.yale.edu/homes/tap/Files/hopper-story.html},
	howpublished = {{http://cs-www.cs.yale.edu/homes/tap/Files/hopper-story.html}}
},

@MISC{phplens_optimising_tips,
	title = {: A {HOWTO} on Optimizing {PHP} with tips and methodologies},
	url = {http://phplens.com/lens/php-book/optimizing-debugging-php.php},
	howpublished = {http://phplens.com/lens/php-book/optimizing-debugging-php.php}
},

@MISC{php_performance,
	title = {{PHP} Performance},
	url = {http://talks.php.net/show/digg},
	howpublished = {http://talks.php.net/show/digg}
},

@MISC{downsides_of_hiphop,
	title = {What are the downsides of using {HipHop} for {PHP?} - Quora},
	url = {http://www.quora.com/What-are-the-downsides-of-using-HipHop-for-PHP},
	howpublished = {http://www.quora.com/What-are-the-downsides-of-using-HipHop-for-PHP}
},

@MISC{hardening_wordpress_hiphop,
	title = {{WordPress} 3.0 Hardened by {HPHP} {\textbar} {HPHP} Playground},
	url = {http://huichen.org/en/2010/06/wordpress-three-hardened-by-hphp/},
	howpublished = {http://huichen.org/en/2010/06/wordpress-three-hardened-by-hphp/}
},

@MISC{hiphop_strconcat,
	title = {{HipHop} {PHP} - Issues with string concat - Stack Overflow},
	url = {http://stackoverflow.com/questions/8641926/hiphop-php-issues-with-string-concat},
	howpublished = {http://stackoverflow.com/questions/8641926/hiphop-php-issues-with-string-concat}
},

@MISC{hiphop_jemalloc,
	title = {(4) Scalable memory allocation using jemalloc},
	url = {https://www.facebook.com/note.php?note_id=480222803919},
	howpublished = {https://www.facebook.com/note.php?note\_id=480222803919}
},

@MISC{hiphop_efficient_servers,
	title = {(4) {HipHop} for {PHP:} More Optimizations for Efficient Servers},
	url = {https://www.facebook.com/note.php?note_id=10150121348198920},
	howpublished = {https://www.facebook.com/note.php?note\_id=10150121348198920}
},

@MISC{facebook_devs,
	title = {{HipHop} for {PHP:} Move Fast - Facebook Developers},
	url = {https://developers.facebook.com/blog/post/2010/02/02/hiphop-for-php--move-fast/},
	howpublished = {https://developers.facebook.com/blog/post/2010/02/02/hiphop-for-php--move-fast/}
}
@MISC{ocportal_optimise,
	title = {OcPortal Optimisation techniques},
	url = {http://ocportal.com/docs/tut\_optimisation.htm},
	howpublished = {http://ocportal.com/docs/tut\_optimisation.htm}
}
@MISC{hphp_fix_cssProblems,
	title = {Google Groups - Fix CSS problems},
	url = {http://groups.google.com/group/hiphop-php-dev/browse\_thread/thread/921b80c03c5eb1dc\#},
	howpublished = {http://groups.google.com/group/hiphop-php-dev/browse\_thread/thread/921b80c03c5eb1dc\#}
}
