
@misc{_intelr_????,
	title = {{Intel(R)} Energy Checker {SDK--Companion} Applications User Guide.pdf}
},

@misc{_intelr_????-1,
	title = {{Intel(R)} Energy Checker {SDK--Device} Kit User Guide.pdf}
},

@misc{_intelr_????-2,
	title = {{Intel(R)} Energy Checker {SDK--User} Guide.pdf}
},

@misc{_63+_????,
	title = {63+ Best practice optimize {PHP} code performance},
	url = {http://www.chazzuka.com/63-best-practice-to-optimize-php-code-performances-58/},
	howpublished = {http://www.chazzuka.com/63-best-practice-to-optimize-php-code-performances-58/}
},

@misc{_how_????,
	title = {How to change the {MySQL} data default directory {\textbar} Ubuntu Geek},
	url = {http://www.ubuntugeek.com/how-to-change-the-mysql-data-default-directory.html},
	howpublished = {http://www.ubuntugeek.com/how-to-change-the-mysql-data-default-directory.html}
},

@misc{_dw_????,
	title = {{DW} Alliance {LLC:} Articles},
	url = {http://store.dwalliance.com/news/view_article.html?article_id=54bbe460d9ab7873bf34c9a4da0c65b2},
	howpublished = {http://store.dwalliance.com/news/view\_article.html?article\_id=54bbe460d9ab7873bf34c9a4da0c65b2}
},

@misc{_valgrind_????,
	title = {Valgrind Home},
	url = {http://valgrind.org/},
	howpublished = {http://valgrind.org/}
},

@misc{_xdebug_????,
	title = {Xdebug - Debugger and Profiler Tool for {PHP}},
	url = {http://xdebug.org/},
	howpublished = {http://xdebug.org/}
},

@misc{_programming_????,
	title = {Programming Optimization: Techniques, examples and discussion},
	url = {http://www.azillionmonkeys.com/qed/optimize.html},
	howpublished = {http://www.azillionmonkeys.com/qed/optimize.html}
},

@misc{_optimizing_????,
	title = {Optimizing Memcached {\textbar} Documentation {\textbar} Review Board},
	url = {http://www.reviewboard.org/docs/manual/dev/admin/optimization/memcached/},
	howpublished = {http://www.reviewboard.org/docs/manual/dev/admin/optimization/memcached/}
},

@misc{_optimizing_????-1,
	title = {Optimizing {LAMP} {(Linux}, Apache, {MySQL}, and {PHP)} for Helioviewer - Helioviewer Wiki},
	url = {http://wiki.helioviewer.org/wiki/Optimizing_LAMP_%28Linux,_Apache,_MySQL,_and_PHP%29_for_Helioviewer},
	howpublished = {{http://wiki.helioviewer.org/wiki/Optimizing\_LAMP\_\%28Linux,\_Apache,\_MySQL,\_and\_PHP\%29\_for\_Helioviewer}}
},

@misc{_php:_????,
	title = {{PHP:} session\_save\_path - Manual},
	url = {http://php.net/manual/en/function.session-save-path.php},
	howpublished = {http://php.net/manual/en/function.session-save-path.php}
},

@misc{_diagnosing_????,
	title = {Diagnosing slow {PHP} execution with Xdebug and {KCachegrind} {\textbar} Nexcess},
	url = {http://blog.nexcess.net/2011/01/29/diagnosing-slow-php-execution-with-xdebug-and-kcachegrind/},
	howpublished = {http://blog.nexcess.net/2011/01/29/diagnosing-slow-php-execution-with-xdebug-and-kcachegrind/}
},

@misc{_fp3:_????,
	title = {{FP3:} The {400G} network processor {\textbar} {Alcatel-Lucent}},
	url = {http://www.alcatel-lucent.com/fp3/},
	howpublished = {http://www.alcatel-lucent.com/fp3/}
},

@misc{_ch2-5_????,
	title = {Ch2-5},
	url = {http://www.hq.nasa.gov/office/pao/History/computers/Ch2-5.html},
	howpublished = {{http://www.hq.nasa.gov/office/pao/History/computers/Ch2-5.html}}
},

@misc{_grace_????,
	title = {Grace Murray Hopper},
	url = {http://cs-www.cs.yale.edu/homes/tap/Files/hopper-story.html},
	howpublished = {{http://cs-www.cs.yale.edu/homes/tap/Files/hopper-story.html}}
},

@misc{_:_????,
	title = {: A {HOWTO} on Optimizing {PHP} with tips and methodologies},
	url = {http://phplens.com/lens/php-book/optimizing-debugging-php.php},
	howpublished = {http://phplens.com/lens/php-book/optimizing-debugging-php.php}
},

@misc{_php_????,
	title = {{PHP} Performance},
	url = {http://talks.php.net/show/digg},
	howpublished = {http://talks.php.net/show/digg}
},

@misc{_what_????,
	title = {What are the downsides of using {HipHop} for {PHP?} - Quora},
	url = {http://www.quora.com/What-are-the-downsides-of-using-HipHop-for-PHP},
	howpublished = {{http://www.quora.com/What-are-the-downsides-of-using-HipHop-for-PHP}}
},

@misc{_wordpress_????,
	title = {{WordPress} 3.0 Hardened by {HPHP} {\textbar} {HPHP} Playground},
	url = {http://huichen.org/en/2010/06/wordpress-three-hardened-by-hphp/},
	howpublished = {http://huichen.org/en/2010/06/wordpress-three-hardened-by-hphp/}
},

@misc{_hiphop_????,
	title = {{HipHop} {PHP} - Issues with string concat - Stack Overflow},
	url = {http://stackoverflow.com/questions/8641926/hiphop-php-issues-with-string-concat},
	howpublished = {http://stackoverflow.com/questions/8641926/hiphop-php-issues-with-string-concat}
},

@misc{_4_????,
	title = {(4) Scalable memory allocation using jemalloc},
	url = {https://www.facebook.com/note.php?note_id=480222803919},
	howpublished = {https://www.facebook.com/note.php?note\_id=480222803919}
},

@misc{_4_????-1,
	title = {(4) {HipHop} for {PHP:} More Optimizations for Efficient Servers},
	url = {https://www.facebook.com/note.php?note_id=10150121348198920},
	howpublished = {https://www.facebook.com/note.php?note\_id=10150121348198920}
},

@misc{_hiphop_????-1,
	title = {{HipHop} for {PHP:} Move Fast - Facebook Developers},
	url = {https://developers.facebook.com/blog/post/2010/02/02/hiphop-for-php--move-fast/},
	howpublished = {https://developers.facebook.com/blog/post/2010/02/02/hiphop-for-php--move-fast/}
},

@misc{_hiphop_????-2,
	title = {{HipHop} for {PHP:} Move Fast - Facebook Developers},
	url = {https://developers.facebook.com/blog/post/2010/02/02/hiphop-for-php--move-fast/}
}